%% Saved with string encoding Unicode (UTF-8) 
@periodical{AudioDistractionsAshley,
	key = {AudioDistractionsAshley},
	author = {Ashley Silberberg},
	date-added = {2024-02-20 17:01:23 -0700},
	date-modified = {2024-02-20 17:03:23 -0700},
	journal = {Undergraduate Psychology Research Methods Journal},
	title = {The Effects of Audio Distractions on Typing Speed},
	url = {https://digitalcommons.lindenwood.edu/psych_journals/vol1/iss11/2},
	volume = {1},
	year = {2010}
}
